
@inproceedings{paper1,
	address = {Phoenix AZ USA},
	title = {Histogram {Sort} with {Sampling}},
	isbn = {9781450361842},
	url = {https://dl.acm.org/doi/10.1145/3323165.3323184},
	doi = {10.1145/3323165.3323184},
	language = {en},
	urldate = {2021-10-01},
	booktitle = {The 31st {ACM} {Symposium} on {Parallelism} in {Algorithms} and {Architectures}},
	publisher = {ACM},
	author = {Harsh, Vipul and Kale, Laxmikant and Solomonik, Edgar},
	month = jun,
	year = {2019},
	pages = {201--212},
}
@article{paper2, title={Engineering a Distributed Histogram Sort}, DOI={10.1109/cluster.2019.8891005}, journal={2019 IEEE International Conference on Cluster Computing (CLUSTER)}, author={Kowalewski, Roger and Jungblut, Pascal and Furlinger, Karl}, year={2019}}

@article{axtmann, title={Practical Massively Parallel Sorting}, DOI={10.1145/2755573.2755595}, journal={Proceedings of the 27th ACM symposium on Parallelism in Algorithms and Architectures}, author={Axtmann, Michael and Bingmann, Timo and Sanders, Peter and Schulz, Christian}, year={2015}}

@article{dehne, title={Deterministic Sample Sort For Gpus}, volume={22}, DOI={10.1142/s0129626412500089}, number={03}, journal={Parallel Processing Letters}, author={Dehne, Frank and Zaboli, Hamidreza}, year={2012}, pages={1250008}}

@article{hyksort, title={HykSort}, DOI={10.1145/2464996.2465442}, journal={Proceedings of the 27th international ACM conference on International conference on supercomputing - ICS 13}, author={Sundar, Hari and Malhotra, Dhairya and Biros, George}, year={2013}}

@article{two_massive, title={Two Parallel Sorting Algorithms for Massive Data}, DOI={10.1109/icaica52286.2021.9498124}, journal={2021 IEEE International Conference on Artificial Intelligence and Computer Applications (ICAICA)}, author={Zeng, Lingxiao}, year={2021}}

 @article{versatile, title={Versatile and scalable parallel histogram construction}, DOI={10.1145/2628071.2628108}, journal={Proceedings of the 23rd international conference on Parallel architectures and compilation}, author={Jung, Wookeun and Park, Jongsoo and Lee, Jaejin}, year={2014}} 

@article{paper1s29, title={Highly scalable parallel sorting}, DOI={10.1109/ipdps.2010.5470406}, journal={2010 IEEE International Symposium on Parallel & Distributed Processing (IPDPS)}, author={Solomonik, Edgar and Kale, Laxmikant V.}, year={2010}, pages={1–12}}

@article{paper1s22, title={A Comparison Based Parallel Sorting Algorithm}, DOI={10.1109/icpp.1993.17}, journal={1993 International Conference on Parallel Processing - ICPP93 Vol3}, author={Kale, Laxmikant V. and Krishnan, Sanjeev}, year={1993}, pages={196–200}}

@article{paper2s30, title={A Note on Parallel Selection on Coarse-Grained Multicomputers}, volume={24}, DOI={10.1007/pl00008268}, number={3-4}, journal={Algorithmica}, author={Saukas, E. L. G. and Song, S. W.}, year={1999} }

@article{paper1s10, title={Samplesort: A Sampling Approach to Minimal Storage Tree Sorting}, volume={17}, DOI={10.1145/321592.321600}, number={3}, journal={Journal of the ACM}, author={Frazer, W. D. and Mckellar, A. C.}, year={1970}, pages={496–507}}

@article{random_sampling, title={An Experimental Analysis of Parallel Sorting Algorithms}, volume={31}, DOI={10.1007/s002240000083}, number={2}, journal={Theory of Computing Systems}, author={Blelloch, G. E. and C. E. Leiserson, B. M. Maggs}, year={1998}, pages={135–167}}

@article{regular_sampling, title={On the versatility of parallel sorting by regular sampling}, volume={19}, DOI={10.1016/0167-8191(93)90019-h}, number={10}, journal={Parallel Computing}, author={Li, Xiaobo and Lu, Paul and Schaeffer, Jonathan and Shillington, John and Wong, Pok Sze and Shi, Hanmao}, year={1993}, pages={1079–1103}}


@article{sampling_result, title={A new deterministic parallel sorting algorithm with an experimental evaluation}, volume={3}, DOI={10.1145/297096.297128}, journal={ACM Journal of Experimental Algorithmics}, author={Helman, David R. and Jájá, Joseph and Bader, David A.}, year={1998}, pages={4}}
